<record><leader>00000cas a22000007a 4500</leader><controlfield tag="001">12895616</controlfield><controlfield tag="008">851211d188u188umtucr ne      0    0eng d</controlfield><datafield ind1=" " ind2=" " tag="010"><subfield code="a">sn 85053365 </subfield></datafield><datafield ind1=" " ind2=" " tag="040"><subfield code="a">MTL</subfield><subfield code="b">eng</subfield><subfield code="c">MTL</subfield><subfield code="d">CNW</subfield><subfield code="d">OCLCQ</subfield><subfield code="d">OCLCF</subfield><subfield code="d">OCLCO</subfield></datafield><datafield ind1="1" ind2=" " tag="029"><subfield code="a">AU@</subfield><subfield code="b">000024688178</subfield></datafield><datafield ind1=" " ind2=" " tag="042"><subfield code="a">msc</subfield></datafield><datafield ind1=" " ind2=" " tag="043"><subfield code="a">n-us-mt</subfield></datafield><datafield ind1="0" ind2="4" tag="245"><subfield code="a">The Walkerville news.</subfield></datafield><datafield ind1=" " ind2=" " tag="260"><subfield code="a">Walkerville, Mont. :</subfield><subfield code="b">Wm. E. Davidson</subfield></datafield><datafield ind1=" " ind2=" " tag="300"><subfield code="a">v. ;</subfield><subfield code="c">49 cm.</subfield></datafield><datafield ind1=" " ind2=" " tag="310"><subfield code="a">Semiweekly</subfield></datafield><datafield ind1="1" ind2=" " tag="362"><subfield code="a">Ceased by 1889.</subfield><subfield code="z">Cf. Butte city directory, 1889.</subfield></datafield><datafield ind1=" " ind2=" " tag="588"><subfield code="a">Description based on: Vol. 2, no. 15 (June 1, 1886).</subfield></datafield><datafield ind1=" " ind2="0" tag="651"><subfield code="a">Walkerville (Mont.)</subfield><subfield code="v">Newspapers.</subfield></datafield><datafield ind1=" " ind2="7" tag="655"><subfield code="a">Newspapers.</subfield><subfield code="2">fast</subfield><subfield code="0">(OCoLC)fst01423814</subfield></datafield><datafield ind1=" " ind2="7" tag="651"><subfield code="a">Montana</subfield><subfield code="z">Walkerville.</subfield><subfield code="2">fast</subfield><subfield code="0">(OCoLC)fst01267596</subfield></datafield><datafield ind1=" " ind2=" " tag="752"><subfield code="a">United States</subfield><subfield code="b">Montana</subfield><subfield code="c">Silver Bow</subfield><subfield code="d">Walkerville.</subfield></datafield></record>